@INPROCEEDINGS{7516158,
    author={R. Hasan and M. Birgach},
    booktitle={2016 IEEE 14th International Conference on Software Engineering Research, Management and Applications (SERA)},
    title={{Critical Success Factors behind the Sustainability of the Sharing Economy}},
    year={2016},
    pages={287-293},
    doi={10.1109/SERA.2016.7516158},
    month={Juni},
}

@book{siriwardena_advanced_2014,
	address = {Berkeley, California},
	title = {{Advanced API Security: Securing APIs with OAuth 2.0, OpenID Connect, JWS, and JWE}},
	isbn = {978-1-4302-6818-5},
	shorttitle = {Advanced api security},
	publisher = {Apress},
	author = {Siriwardena, Prabath},
	year = {2014}
}

@misc{levin_restful_2016,
	title = {{RESTFul} {API} {Versioning} {Insights}},
	urldate = {2017-07-27},
	howpublished = {REST API and Beyond [Online]},
	author = {Levin, Guy},
	month = {August},
	year = {2016},
	note = {\url{http://blog.restcase.com/restful-api-versioning-insights/}, Zuletzt abgerufen: 27.07.2017}
}

@techreport{rfc:6838,
    author = {Freed, N and Klensin, J and Hansen, T},
    howpublished = {Internet Requests for Comment},
    institution = {Internet Engineering Task Force (IETF)},
    issn = {2070-1721},
    month = {Januar},
    title = {{Media Type Specifications and Registration Procedures}},
    type = {{RFC}},
    url = {https://www.rfc-editor.org/rfc/rfc6838.txt},
    year = {2013}
}
